<?xml version="1.0" encoding="UTF-8"?><record xmlns="http://www.loc.gov/MARC21/slim" xmlns:cinclude="http://apache.org/cocoon/include/1.0" xmlns:zs="http://www.loc.gov/zing/srw/">
  <leader>00498nz  a2200157n  4500</leader>
  <controlfield tag="001">no2011177841</controlfield>
  <controlfield tag="003">DLC</controlfield>
  <controlfield tag="005">20111118075227.0</controlfield>
  <controlfield tag="008">111116n| acannaabn          |a aaa     c</controlfield>
  <datafield tag="010" ind1=" " ind2=" ">
    <subfield code="a">no2011177841</subfield>
  </datafield>
  <datafield tag="035" ind1=" " ind2=" ">
    <subfield code="a">(OCoLC)oca09037025</subfield>
  </datafield>
  <datafield tag="040" ind1=" " ind2=" ">
    <subfield code="a">NjP</subfield>
    <subfield code="b">eng</subfield>
    <subfield code="c">NjP</subfield>
  </datafield>
  <datafield tag="053" ind1=" " ind2="0">
    <subfield code="a">PG3491.3.L78</subfield>
  </datafield>
  <datafield tag="100" ind1="1" ind2=" ">
    <subfield code="a">Altukhov, E. V.</subfield>
    <subfield code="q">(Evgeniĭ Viktorovich)</subfield>
  </datafield>
  <datafield tag="400" ind1="1" ind2=" ">
    <subfield code="a">Altukhov, Evgeniĭ Viktorovich</subfield>
  </datafield>
  <datafield tag="670" ind1=" " ind2=" ">
    <subfield code="a">Nasha Pobeda, 2007 :</subfield>
    <subfield code="b">t.p. (E.V. Altukhov) colophon (Altukhov Evgeniĭ Viktorovich [in indirect order])</subfield>
  </datafield>
</record>